@inproceedings{tbd23,
title = {Scaling Up the Explanation of Multidimensional Projections},
author = {Julian Thijssen and Zonglin Tian and Alexandru Telea},
booktitle = {Proc. International EuroVis Workshop on Visual Analytics},
year = 2023,
note = {accepted}
}


@article{hancock2020survey,
  title={Survey on categorical data for neural networks},
  author={Hancock, John T and Khoshgoftaar, Taghi M},
  journal={Journal of Big Data},
  volume={7},
  number={1},
  pages={1--41},
  year={2020},
  publisher={SpringerOpen}
}

@misc{ZA7505,
author = "EVS/WVS",
title = "Joint {EVS/WVS} 2017-2022 Dataset (Joint {EVS/WVS})",
year = "2022",
howpublished = "GESIS, K{\"o}ln. ZA7505 Datenfile Version 4.0.0, https://doi.org/10.4232/1.14023",
doi = "10.4232/1.14023",
}

%%%%%%%%%%%%%%%%%%%%%%%%%%%% Duplicated keys - 17 - replaced %%%%%%%%%%%%%%%%%%%%%%%%%%%%%%




%%%%%%%%%%%%%%%%%%%%%%%%%%%% chapter2-related %%%%%%%%%%%%%%%%%%%%%%%%%%%%%%





@book{gower95,
author =  { J. C. Gower and D. J. Hand},
title = {Biplots},
volume = 54,
publisher = {CRC Press},
year = 1995
}

@book{telea_book_datavis,
author = {A. C. Telea},
title = {Data Visualization -- Principles and Practice},
note = {$2^{nd}$ edition},
publisher = {CRC Press / Taylor and Francis},
year = 2014
}

@book{pointcloud_book,
title = {{3D} Point Cloud Analysis: Traditional, Deep Learning, and Explainable Machine Learning Methods},
author = {Shan Liu and Min Zhang and Pranav Kadam and C.-C. Jay Kuo},
year = 2021,
publisher = {Springer}
}

@book{vis_handbook,
author = {Charles D. Hansen and Chris R. Johnson},
title = {The Visualization Handbook},
publisher = {Elsevier},
year = 2005
}

@book{munzner_book,
author = {T. Munzner}, 
title = {Visualization Analysis and Design: Principles, Techniques, and Practice},
publisher = {CRC Press},
year = 2014
}

@misc{trackballs_web,
author = {K. Henriksen and J. Sporring and K. Hornbaek},
title = {Virtual trackballs revisited -- source code},
note = {http://image.diku.dk/research/trackballs/index.html},
year = 2004
}

@misc{axis_rotations_web,
author = {{NASA}},
title = {Example of specifying {3D} rotations around coordinate axes for a rocket system},
year = {2022},
note = {https://www.grc.nasa.gov/www/k-12/rocket/rotations.html}
}

@book{graphics_book,
author = {Steve Marschner and Peter Shirley},
title = {Fundamentals of Computer Graphics},
year = 2021,
publisher = {CRC Press}
}

@book{tufte,
year = 1983,
author = {Edward Tufte},
title = {The Visual Display of Quantitative Information},
publisher = {Graphics Press},
}






%%%%%%%%%%%%%%%%%%%%%%%%%%%%%%%%% chapter 5-cag %%%%%%%%%%%%%%%%%%%%%%%%%%%%%%%






@inproceedings{rauber15,
title = {Interactive Image Feature Selection Aided by Dimensionality Reduction},
author = {P. Rauber and R. da Silva and S. Feringa and M. Celebi and A. Falcao and A. Telea},
booktitle = {Proc. International EuroVis Workshop on Visual Analytics},
year = 2015,
pages = {97-101}
}

@phdthesis{dasilva_thesis,
author = {R. da Silva},
title = {Visualizing Multidimensional Data Similarities -- Improvements and Applications},
school = {University of Groningen, Netherlands},
year = 2016
}

@article{geng05,
author = {X. Geng and D. Zhan and Z. Zhou},
title = {Supervised nonlinear dimensionality reduction for visualization and classification},
journal = {IEEE Transactions on Systems, Man, and Cybernetics}, 
year = 2005,
volume = 35,
number = 6,
pages = {1098-1107}
}

@article{koczkodaj17,
author = {W. W. Koczkodaj and T. Kakiashvili and A. Szymanska and J. Montero-Marin and R. Araya and J. Garcia-Campayo and K. Rutkowski and D. Strzalka}, 
title = {How to reduce the number of rating scale items without predictability loss?}, 
journal = {Scientometrics}, 
volume = 111,
number = 2,
pages = {581-593}, 
year = 2017
}

@misc{li_wine,
author = {L. Zeng},
title = {The Wine dataset analysis},
note = {\url{https://rpubs.com/Li2019/Wine}},
year = 2021
}

@article{etemadpour14,
author = {R. Etemadpour and R. Motta and J. de Souza Paiva and R. Minghim and M. De Oliveira and L. Linsen},
year = 2014,
title = {Perception-based evaluation of projection methods for multidimensional data visualization},
journal = {IEEE Transactions on Visualization and Computer Graphics},
volume = 21,
number = 1,
pages = {81-94}
}

@article{beh12,
author = {E. J. Beh and C. I. Holdsworth},
title = {A visual evaluation of a classification method for investigating the psysicochemical properties of {P}ortugese wine}, 
journal = {Current Analytical Chemistry},
volume = 8,
number = 2,
pages  = {205-217},
year = 2012
}

@inproceedings{venna2006visualizing, title = {Visualizing gene interaction graphs with local multidimensional scaling}, author = {J. Venna and S. Kaski}, booktitle = {Proc. European Symposium on Artificial Neural Networks}, pages = {557--562}, year = {2006}}

@inproceedings{cushions,
author = {J. J. van Wijk and A. Telea},
title = {Enridged contour maps},
booktitle = {Proc. IEEE Visualization},
year = 2001,
pages = {69-74}
}

@book{richter99,
author = {C. Richter}, 
title = {Designing Flexible Object-Oriented Systems with {UML}}, 
publisher = {New Riders Publishing},
year = 1999
}

@inproceedings{wilkinson,
title = {Graph-Theoretic Scagnostics},
author = {L. Wilkinson and A. Arland and R. Grossman},
booktitle = {Proc. IEEE Symposium on Information Visualization},
year = 2005,
pages = {157-164}
}

@inproceedings{wu10,
author = {S. Wu and B Li and J. Yang and S. Shukla},
title = {Predictive Modeling of High-Performance Concrete with Regression Analysis},
booktitle = {Proc. IEEE International Conference on Industrial Engineering and Engineering Management}, 
year =  2010
}

@article{devito08,
author = {S. De Vito and E. Massera and M. Piga and L. Martinotto and G. Di Francia},
title = {On field calibration of an electronic nose for benzene estimation in an urban pollution monitoring scenario}, 
journal = {Sensors and Actuators B: Chemical},
volume = 129, 
number =  2, 
year = 2008, 
pages = {750-757},
note= {\url{https://archive.ics.uci.edu/ml/datasets/Air+Quality}}
}

@article{zhang17,
author = {Zhang, S. and Guo, B. and Dong, A. and He, J. and Xu, Z. and Chen, S.},
year = 2017,
title = {Cautionary Tales on Air-Quality Improvement in {B}eijing}, 
journal = {Proc. Royal Society A},
volume = 473,
number = 2205,
pages = {170-187},
note = {\url{https://archive.ics.uci.edu/ml/datasets/Beijing+Multi-Site+Air-Quality+Data}}
}

@inproceedings{meirelles10,
author = {P. Meirelles and C. Santos and J. Miranda and F. Kon and A. Terceiro and C. Chavez},
title = {A study of the relationships between source code metrics and attractiveness in free software projects}, 
booktitle = {Proc. Brazilian Symposium on Software Engineering}, 
year = 2010,
pages = {11-20}
}

@article{cortez09,
author = {P. Cortez and A. Cerdeira and F. Almeida and T. Matos and J. Reis},
title = {Modeling wine preferences by data mining from physicochemical properties}, 
journal = {Decision Support Systems},
volume = 47, 
number = 4,
year = 2009, 
pages = {547-553}
}

@article{lueks13,
author = {W. Lueks and A. Gisbrecht and B. Hammer}, 
title = {Visualizing the quality of dimensionality reduction}, 
journal = {Neurocomputing}, 
volume = 112, 
pages = {109-123}, 
year = 2013
}

@inproceedings{tatu10,
author = {A. Tatu and P. Bak and E. Bertini and D. Keim and J. Schneidewind}, 
title = {Visual quality metrics and human perception: An initial study on {2D} projections of large multidimensional data}, 
booktitle = {Proc. International Conference on Advanced Visual Interfaces}, 
pages = {49-56}, 
publisher = {ACM}, 
year = 2010
}

@article{sips09,
author = {M. Sips and B. Neubert and J. Lewis and P. Hanrahan}, 
title = {Selecting good views of high-dimensional data using class consistency}, 
journal = {Computer Graphics Forum}, 
volume = 28, 
number = 3, 
pages = {831-838}, 
year = 2009
}

@inproceedings{piringer04,
author = {H. Piringer and R. Kosara and H. Hauser},
title = {Interactive Focus+Context visualization with linked {2D}/{3D} scatterplots}, 
booktitle = {Proc. International Conference on Coordinated \& Multiple Views in Exploratory Visualization}, 
year = 2004, 
pages = {49-60} 
}

@article{rodrigues20,
title = {Constructing and Visualizing High-Quality Classifier Decision Boundary Maps}, 
author = {F. C. M. Rodrigues and M. Espadoto and R. Hirata and A. Telea},
journal = {Information}, 
volume = 10,
number = 9, 
pages = {280-297}, 
publisher = {MDPI}, 
year = 2019
}

@article{elmqvist08,
author = {N. Elmqvist and P. Dragicevic and J.-D. Fekete}, 
title = {Rolling the dice: multidimensional visual exploration using scatterplot matrix navigation}, 
journal = {IEEE Transactions on Visualization and Computer Graphics}, 
year = 2008,
volume = 14,
number = 8, 
pages = {1141-1148}
}

@inproceedings{vandriel20,
title = {Enhanced Attribute-Based Explanations of Multidimensional Projections}, 
author = {D. van Driel and X. Zhai and Z. Tian and A. Telea}, 
booktitle = {Proc. International EuroVis Workshop on Visual Analytics}, 
pages = {37--41},
publisher = {Eurographics}, 
year = 2020
}

@article{yi05,
author = {J. Yi and R. Melton and J. Stasko},
title = {Dust \& Magnet: multivariate information visualization using a magnet metaphor}, 
journal = {Information Visualization}, 
year = 2005, 
volume = 4,
number = 4, 
pages = {239-256}
}

@inproceedings{endert12,
author = {A. Endert and P. Flaux and C. North},
title = {Semantic interaction for visual text analytics}, 
booktitle = {Proc. ACM CHI Conference on Human Factors in Computing Systems},
year = 2012,
pages = {324-333}
}

@book{greenacre10,
author = {M. Greenacre}, 
title = {Biplots in practice},
publisher = {Fundacion BBVA, Bilbao},
year = 2010
}

@book{gower11,
title = {Understanding biplots},
author = {J. Gower and S. Lubbe and N. Roux},
publisher = {Wiley}, 
year = 2011
}

@article{olsen93,
author = {K. Olsen and R. Korfhage and K. Sochats}, 
title = {Visualization of a document collection: the {VIBE} system},
journal = {Information Processing \& Management},
year = 1993, 
volume = 29,
number = 1, 
pages = {69-81}
}

@article{oeltze07,
author = {S. Oeltze and H. Doleisch and H. Hauser}, 
title = {Interactive visual analysis of perfusion data},
journal = {IEEE Transactions on Visualization and Computer Graphics}, 
year = 2007, 
volume = 13,
number = 6, 
pages = {1392-1399}
}

@article{cliff,
author = {N. Cliff},
title = {The Eigenvalues-Greater-Than-One Rule and the Reliability of Components}, 
journal = {Psychological Bulletin}, 
volume = 103,
number = 2, 
year = 1988, 
pages = {276-279}
}





%%%%%%%%%%%%%%%%%%%%%%%%%%%%%%%%% chapter 7-information %%%%%%%%%%%%%%%%%%%%%%%%%%%%%%%





%======================================
% Surveys
%======================================

% -- Volume 3: IVAPP
@inproceedings{ivapp19, title = {Visual Analytics of Multidimensional Projections for Constructing Classifier Decision Boundary Maps}, author = {M. Espadoto and F. C. M. Rodrigues and A. Telea}, booktitle = {Proc. International Joint Conference on Computer Vision, Imaging and Computer Graphics Theory and Applications}, year = 2019, publisher = {SCITEPRESS}}

@article{espadoto19,
title = {Towards a Quantitative Survey of Dimension Reduction Techniques}, 
author = {M. Espadoto and R. Martins and A. Kerren and N. Hirata and A. Telea}, 
journal = {IEEE Transactions on Visualization and Computer Graphics}, 
volume = 27,
number = 3, 
pages = {2153-2173},
year = 2019
}

@book{bellman57,
author = {R. Bellman}, 
title = {Dynamic Programming}, 
publisher = {Princeton University Press},
year = {1957}
}

@article{tian_information,
	title = {Quantitative and Qualitative Comparison of {2D} and {3D} Projection Techniques for High-Dimensional Data},
	author = {Zonglin Tian and Xiaorui Zhai and Gijs van Steenpaal and Lingyun Yu and Evanthia Dimara and Mateus Espadoto and Alexandru Telea},
	journal = {Information},
	year = 2021,
	volume = 12,
	number = 6, 
	note = {\url{https://doi.org/10.3390/info12060239}}
}

@inproceedings{beyer99,
author = {K. Beyer and J. Goldstein and R. Ramakrishnan and U. Shaft},
title  = {When is ''nearest neighbor'' meaningful?},
booktitle = {Proc. International Conference on Database Theory},
pages = {217-235},
publisher = {Springer}, 
year = 1999
}

@article{eler09,
title = {Visual analysis of image collections},
author = {D. Eler and M. Nakazaki and F. Paulovich and D. Santos and G. Andery and M. Oliveira and J. Neto and R. Minghim},
journal = {Visual Computer},
volume = 25,
number = 10,
pages = {677-792},
year = 2009,
}
 
@article{paulovich12,
title = {Semantic Wordification of Document Collections},
author = {F. V. Paulovich and F. Toledo and G. Telles and R. Minghim and L. G. Nonato},
journal = {Computer Graphics Forum},
volume = 31,
number = 3,
pages = {1145-1153},
year = 2012
}

@misc{reuters,
author = {{Keras repository}},
title = {Reuters dataset},
note = {\url{https://keras.io/api/datasets/reuters}},
year = 2021
}

@article{defaultcc,
author = {I. C. Yeh and C. H. Lien},
title = {The comparisons of data mining techniques for the predictive accuracy of probability of default of credit card clients},
journal = {Expert Systems with Applications},
volume = 36,
number = 2,
pages = {2473-2480},
note = {\url{https://archive.ics.uci.edu/ml/datasets/default+of+credit+card+clients}},
year = 2009
}

@misc{wisconsin,
author = {W. H. Wolberg and W. N. Street and O. L. Mangasarian},
title = {Wisconsin breast cancer dataset},
note = {\url{https://archive.ics.uci.edu/ml/datasets/Breast+Cancer+Wisconsin+(Diagnostic)}},
year = 2021
}

@inproceedings{engel12, author = {D. Engel and L. H{\"u}ttenberger and B. Hamann}, title = {A Survey of Dimension Reduction Methods for High-dimensional Data Analysis and Visualization}, booktitle =	{Proc. International Research Training Group Workshop}, pages = {135--149}, year = {2012}, volume = {27}, publisher = {Schloss Dagstuhl--Leibniz-Zentrum fuer Informatik}}

@inproceedings{polzlbauer04_survey, author = {G. P{\"o}lzlbauer}, title = {Survey and comparison of quality measures for self-organizing maps}, booktitle = {Proc. Workshop on Data Analysis}, year = {2004}, pages = {67-82}}

@techreport{fodor02_survey, title = {A Survey of Dimension Reduction Techniques}, author = {I. K. Fodor}, year = {2002}, institution = {US Dept. of Energy, Lawrence Livermore National Labs}, note = {Tech. report UCRL-ID-148494}}

@techreport{maaten09_survey, title = {Dimensionality Reduction: A Comparative Review}, author = {L. {van der Maaten} and E. Postma}, note = {Tech. report TiCC TR 2009-005}, year = {2009}, institution = {Tilburg University, Netherlands}}

@inproceedings{tatu09,
author = {A. Tatu and G. Albuquerque and M. Eisemann and J. Schneidewind and H. Theisel and M. Magnor and and D. Keim},
title = {Combining automated analysis and visualization techniques for effective exploration of high dimensional data},
booktitle = {Proc. IEEE Symposium on Visual Analytics Science and Technology},
pages = {59-66},
year = 2009
}

@article{koren04,
author = {Y. Koren and L. Carmel},
title = {Robust linear dimensionality reduction},
journal = {IEEE Transactions on Visualization and Computer Graphics},
volume = 10,
number = 4,
year = 2004,
pages = {459-470}
}

@inproceedings{albuquerque11,
author = {G. Albuquerque and M. Eisemann and M. Magnor},
title = {Perception-based visual quality measures},
booktitle = {Proc. IEEE Symposium on Visual Analytics Science and Technology},
pages = {11-18},
year = {2011}
}

@article{sedlmair13,
author = {M. Sedlmair and T. Munzner and M. Tory},
title = {Empirical guidance on scatterplot and dimension reduction technique choices},
journal = {IEEE Transactions on Visualization and Computer Graphics},
year = 2013,
pages = {2634-2643}
}

@inproceedings{cutura18,
author = {Rene Cutura and Stefan Holzer and Michael Aupetit and Michael Sedlmair},
title = {{VisCoDeR}: A tool for visually comparing dimensionality reduction algorithms},
booktitle = {Proc. European Symposium on Artificial Neural Networks},
year = 2018,
publisher = {Univ. Catholique Louvain}
}

@article{motta15,
author = {R. Motta and R. Minghim and A. Lopes and M. Oliveira},
journal = {Neurocomputing},
title = {Graph-based measures to assist user assessment of multidimensional projections},
volume = 150,
pages = {583-598},
year = 2015
}

@article{yu12,
title = {Efficient Structure-Aware Selection Techniques for {3D} Point Cloud Visualizations with {2DOF} Input}, 
author = {Lingyun Yu and Konstantinos Efstathiou and Petra Isenberg and Tobias Isenberg},
journal = {IEEE Transactions on Visualization and Computer Graphics},
volume = 18,
number = 12,
pages = {2245-2254},
year =2012
}

@article{evaluation_arxiv,
title = {Evaluation of Sampling Methods for Scatterplots},
author = {Jun Yuan and Shouxing Xiang and Jiazhi Xia and Lingyun Yu and Shixia Liu},
journal = {IEEE Transactions on Visualization and Computer Graphics},
volume = 27,
number = 2,
year = 2021,
pages = {1720-1730}
}

@article{sedlmair15,
title = {Data-driven Evaluation of Visual Quality Measures},
author = {M. Sedlmair and M. Aupetit},
journal = {Computer Graphics Forum},
volume = 34,
number = 3,
pages = {545-559},
year = {2015}
}

@inproceedings{sedlmair16,
title = {{SepMe: 2002} New visual separation measures},
booktitle = {Proc. IEEE Pacific Visualization Symposium},
year = 2016,
author = {M. Aupetit and M. Sedlmair},
}

@article{hoffman02, title = {A survey of visualizations for high-dimensional data mining}, author = {P. Hoffman and G. Grinstein}, journal = {Information Visualization in Data Mining and Knowledge Discovery}, publisher = {Morgan Kaufmann}, volume = {104}, pages = {47-82}, year = {2002}}

@article{yin07_survey, title = {Nonlinear Dimensionality Reduction and Data Visualization: A Review},author = {H. Yin}, journal = {International Journal of Automation and Computing},volume = {4},number = {3},pages = {294--303},year = {2007}}

@article{bunte11, title = {A general framework for dimensionality reducing data visualization mapping}, author = {K. Bunte and M. Biehl and B. Hammer}, journal = {Neural Computation}, volume = {24}, number = {3}, year = {2012}, pages = {771--804}, publisher = {MIT Press}}

@article{cunningham15_survey, title = {Linear Dimensionality Reduction: Survey, Insights, and Generalizations}, author = {J. Cunningham and Z. Ghahramani}, journal = {Journal of Machine Learning Research}, volume = {16}, year = {2015}, pages = {2859--2900}}

@article{maljovec15, title = {Visualizing High-Dimensional Data: Advances in the Past Decade}, author = {S. Liu and D. Maljovec and B. Wang and P.-T. Bremer and V. Pascucci}, journal = {IEEE Transactions on Visualization and Computer Graphics}, volume = {23}, number = {3}, pages = {1249--1268}, year = {2015}}

@article{nonato18, 
	title = {Multidimensional Projection for Visual Analytics: Linking Techniques with Distortions, Tasks, and Layout Enrichment},
	 author = {L. Nonato and M. Aupetit}, journal = {IEEE Transactions on Visualization and Computer Graphics}, 
	 volume = 25,
	 number = 8,
	 pages = {2650-2673},
	 year = {2018}
}

@article{kehrer13, title = {Visualization and Visual Analysis of Multifaceted Scientific Data: A Survey}, author = {J. Kehrer and H. Hauser}, journal = {IEEE Transactions on Visualization and Computer Graphics}, volume = {19}, number = {3}, pages = {495--513}, year = {2013}}

@misc{sorzano14_survey, author = {C. Sorzano and J. Vargas and A. Pascual-Montano}, title = {A survey of dimensionality reduction techniques}, year = {2014}, note = {arXiv:1403.2877 [stat.ML]}}

@misc{tensorflow,
author = {{TensorFlow}},
title = {Embedding Projector Tool},
year = 2021,
note = {\url{https://projector.tensorflow.org}}
}

@misc{heulot17,
author = {Nicolas Heulot and Jean-Daniel Fekete and Michael Aupetit},
title = {Visualizing Dimensionality Reduction Artifacts: An Evaluation},
year = 2017,
note = { arXiv:1705.05283v1 [cs.HC]}
}

@misc{xie17_survey, title = {A survey of dimensionality reduction techniques based on random projection}, author = {H. Xie and J. Li and H. Xue}, year = {2017}, note = {arXiv:1706.04371 [cs.LG]}}

%================================
% End Surveys
%================================

%================================
% Datasets
%================================

%cnae9
@inproceedings{ciarelli2009agglomeration, title = {Agglomeration and elimination of terms for dimensionality reduction}, author = {P. M. Ciarelli and E. Oliveira}, booktitle = {Proc. International Conference on Intelligent Systems Design and Applications}, year = {2009}, pages = {547--552}}

%har
@inproceedings{anguita2012human, title = {Human activity recognition on smartphones using a multiclass hardware-friendly support vector machine}, author = {D. Anguita and A. Ghio and L. Oneto and X. Parra and J. L. {Reyes-Ortiz}}, booktitle = {Proc. International Workshop on Ambient Assisted Living}, organization = {Springer}, year = {2012}, pages = {216--223}}

%hate
@inproceedings{hateoffensive, title = {Automated Hate Speech Detection and the Problem of Offensive Language}, author = {T. Davidson and D. Warmsley and M. Macy and I. Weber}, booktitle = {Proc. International AAAI Conference on Web and Social Media}, year = {2017}, pages = {512--515}}

%hiva
@inproceedings{guyon2007agnostic, title = {Agnostic learning \emph{vs} prior knowledge challenge}, author = {I. Guyon and A. Saffari and G. Dror and G. Cawley}, booktitle = {Proc. International Joint Conference on Neural Networks}, year = {2007}, pages = {829--834}}

%imdb
@inproceedings{maas-EtAl:2011:ACL-HLT2011, author = {A. L. Maas and R. E. Daly and P. T. Pham and D. Huang and A. Y. Ng and C. Potts}, title = {Learning Word Vectors for Sentiment Analysis}, booktitle = {Proc. Annual Conference of the North American Chapter of the Association for Computational Linguistics}, publisher = {Association for Computational Linguistics}, year = {2011}, pages = {142--150}}

%svhn
@inproceedings{netzer2011reading, title = {Reading digits in natural images with unsupervised feature learning}, author = {Y. Netzer and T. Wang and A. Coates and A. Bissacco and B. Wu and A. Y. Ng}, booktitle = {Proc. {NIPS} workshop on deep learning and unsupervised feature learning}, year = {2011}}

%orl
@inproceedings{samaria1994parameterisation, title = {Parameterisation of a stochastic model for human face identification}, author = {F. S. Samaria and A. C. Harter}, booktitle = {Proc. IEEE Workshop on Applications of Computer Vision}, year = {1994}, pages = {138--142}}

%sentiment
@inproceedings{kotzias2015group, title = {From group to individual labels using deep features}, author = {D. Kotzias and M. Denil and N. {de Freitas} and P. Smyth}, booktitle = {Proc. ACM SIGKDD International Conference on Knowledge Discovery and Data Mining}, year = {2015}, pages = {597--606}}

%bank
@article{moro2014data, title = {A data-driven approach to predict the success of bank telemarketing}, author = {S. Moro and P. Cortez and P. Rita}, journal = {Decision Support Systems}, volume = {62}, pages = {22--31}, year = {2014}, publisher = {Elsevier}}

%efigi
@article{baillard2011, title = {The {EFIGI} catalogue of 4458 nearby galaxies with detailed morphology}, author = {A. Baillard and E. Bertin and V. {De Lapparent} and P. Fouqu{\'e} and S. Arnouts and Y. Mellier and R. Pell{\'o} and J.-F. Leborgne and P. Prugniel and D. Makarov and others}, journal = {Astronomy \& Astrophysics}, volume = {532}, pages = {A74}, year = {2011}, publisher = {EDP Sciences}}
 
%epileptic
@article{andrzejak2001indications, title = {Indications of nonlinear deterministic and finite-dimensional structures in time series of brain electrical activity: Dependence on recording region and brain state}, author = {R. G. Andrzejak and K. Lehnertz and F. Mormann and C. Rieke and P. David and C. E. Elger}, journal = {Physical Review E}, volume = {64}, number = {6}, pages = {061907-1--061907-8}, year = {2001}, publisher = {American Physical Society}}

%fmd
@article{sharan2009material, title = {Material perception: What can you see in a brief glance?}, author = {L. Sharan and R. Rosenholtz and E. Adelson}, journal = {Journal of Vision}, volume = {9}, number = {8}, pages = {784--784}, year = {2009}, publisher = {The Association for Research in Vision and Ophthalmology}}

%gene
@article{weinstein2013cancer, title = {The cancer genome atlas pan-cancer analysis project}, author = {J. N. Weinstein and E. A. Collisson and G. B. Mills and K. R. M. Shaw and B. A. Ozenberger and K. Ellrott and I. Shmulevich and C. Sander and J. M. Stuart and others}, journal = {Nature genetics}, volume = {45}, number = {10}, pages = {1113--1120}, year = {2013}, publisher = {Nature Publishing Group}}

%p53
@article{danziger2009predicting, title = {Predicting positive p53 cancer rescue regions using Most Informative Positive ({MIP}) active learning}, author = {S. A. Danziger and R. Baronio and L. Ho and L. Hall and K. Salmon and G. W. Hatfield and P. Kaiser and R. H. Lathrop}, journal = {PLoS computational biology}, volume = {5}, number = {9}, pages = {e1000498}, year = {2009}}

%seismic
@article{sikora2010application, title = {Application of rule induction algorithms for analysis of data collected by seismic hazard monitoring systems in coal mines}, author = {M. Sikora and L. Wr{\'o}bel}, journal = {Archives of Mining Sciences}, volume = {55}, number = {1}, pages = {91--114}, year = {2010}}

%secom
@misc{mccann2008secom, title = {{SECOM} dataset}, author = {M. McCann and A. Johnston}, note = {UCI Machine Learning Repository}, year = {2008}}

%spambase
@misc{hopkins1999spambase, title = {Spambase dataset}, author = {M. Hopkins and E. Reeber and G. Forman and J. Suermondt}, note = {Hewlett-Packard Labs}, year = {1999}}

%mnist
@misc{lecun2010mnist, title = {{MNIST} handwritten digit database}, author = {Y. LeCun and C. Cortes and CJ Burges}, note = {AT\&T Labs [Online]. Available: \url{http://yann.lecun.com/exdb/mnist}}, volume = {2}, year = {2010}}

%cifar10
@misc{krizhevsky2009learning, title = {Learning multiple layers of features from tiny images}, author = {A. Krizhevsky and G. E. Hinton}, year = {2009}, note = {Technical report TR-04-09}, publisher = {Dept. of Comp. Sci, Univ. of Toronto}}

%coil20
@techreport{nene96, title = {Columbia object image library (coil-20)}, author = {S. A. Nene and S. K. Nayar and H. Murase and others}, year = {1996}, note = {Technical report CUCS-005-96}, institution = {Columbia University}}

%===============================
% End Datasets
%===============================

%===============================
% Methods/Algoorithms
%===============================

%autoencoder
@article{hinton2006reducing, title = {Reducing the dimensionality of data with neural networks}, author = {G. E. Hinton and R. R. Salakhutdinov}, journal = {Science}, volume = {313}, number = {5786}, pages = {504--507}, year = {2006}, publisher = {AAAS}}

%CCA
@article{hardoon09, author = {D. R. Hardoon and J. {Shawe-Taylor}}, title = {Convergence analysis of kernel canonical correlation analysis: theory and practice}, journal = {Machine Learning}, volume = {74}, number = {1}, pages = {23-38}, year = {2009}, publisher = {Springer}}

%Diffusion Maps
@article{lafon06, author = {S. Lafon and A. B. Lee}, title = {Diffusion maps and coarse-graining: A unified framework for dimensionality reduction, graph partitioning, and dataset parameterization}, journal = {IEEE Transactions on Visualization and Computer Graphics}, volume = {28}, number = {9}, pages = {1393--1403}, year = {2006}}

%Diffusion Maps
@article{coifman2006diffusion, title = {Diffusion maps}, author = {R. R. Coifman and S. Lafon}, journal = {Applied and computational harmonic analysis}, volume = {21}, number = {1}, pages = {5--30}, year = {2006}, publisher = {Elsevier}}

%Distance Metric Learning
@article{weinberger09, author = {K. Q. Weinberger and L. K. Saul}, title = {Distance metric learning for large margin nearest neighbor classification}, journal = {Journal of Machine Learning Research}, volume = {10}, pages = {207--244}, year = {2009}}

%Elastic Maps
@book{gorban07, author = {A. N. Gorban and B. Kegl and D. C. Wunsch and A. Zinovyev}, title = {Principal Manifolds for Data Visualization and Dimension Reduction}, year = {2007}, publisher = {Springer}}

%PCA and Factor Analysis
@incollection{jolliffe1986principal, title={Principal component analysis and factor analysis}, author = {I. T. Jolliffe}, booktitle = {Principal Component Analysis}, pages = {115--128}, year = {1986}, publisher = {Springer}}

@book{jolliffe02,
author = {I. T. Jolliffe},
title = {Principal Component Analysis},
publisher = {Springer},
year = 2002
}

%GDA
@article{baudat2000generalized, title={Generalized discriminant analysis using a kernel approach}, author={G. Baudat and F. Anouar}, journal={Neural computation}, volume={12}, number={10}, pages={2385--2404}, year={2000}, publisher={MIT Press}}

%GSVD
@article{abdi07, author = {H. Abdi and N. Salkind}, booktitle = {Encyclopedia of measurements and statistics}, title = {Singular value decomposition ({SVD}) and Generalized Singular Value Decomposition ({GSVD})}, publisher = {SAGE Publ.}, year = {2007}, pages = {907--912}}

%GTM
@article{bishop98, author = {C. M. Bishop and M. Svensen and C. K. I. Williams}, title = {{GTM}: The Generative Topographic Mapping}, journal = {Neural Computation}, year = {1998}, volume = {10}, pages = {215--234}, publisher = {MIT Press}}

%Hessian LLE
@article{donoho2003hessian, title = {Hessian eigenmaps: Locally linear embedding techniques for high-dimensional data}, author = {D. L. Donoho and C. Grimes}, journal = {Proc. of the National Academy of Sciences}, volume = {100}, number = {10}, pages = {5591--5596}, year = {2003}, publisher = {National Academy of Sciences}}

%Incremental PCA
@inproceedings{artac02, author = {M. Artac and M. Jogan and A. Leonardis}, title = {Incremental {PCA} for On-Line Visual Learning and Recognition}, booktitle = {Proc. International Conference on Pattern Recognition}, year = {2002}, pages = {307-315}}

%ICA
@article{hyvarinen99, author = {A. Hyv{\"a}rinen}, title = {Survey on independent component analysis}, journal = {Neural Computing Surveys}, volume = {2}, pages = {94--128}, year = {1999}}

%Isomap
@article{tenenbaum2000global, title = {A global geometric framework for nonlinear dimensionality reduction}, author = {J. B. Tenenbaum and V. {De Silva} and J. C. Langford}, journal = {Science}, volume = {290}, number = {5500}, pages = {2319--2323}, year = {2000}, publisher = {AAAS}}

%KECA
@article{jenssen10, author = {R. Jenssen}, title = {Kernel entropy component analysis}, journal = {IEEE TPAMI}, year = {2010}, volume = {32}, number = {5}, pages = {847--860}}

%Laplacian eigenmaps
@inproceedings{belkin2002laplacian, title = {Laplacian eigenmaps and spectral techniques for embedding and clustering}, author = {M. Belkin and P. Niyogi}, booktitle = {Proc. Annual Conference on Neural Information Processing Systems}, pages = {585--591}, year = {2002}}

%Linear Discriminant Analysis
@book{bishop06, author = {C. M. Bishop}, title = {Pattern Recognition and Machine Learning}, year = {2006}, publisher = {Springer}}

%Linear Regression
@article{adragni09, author = {K. P. Adragni and D. Cook}, title = {Sufficient dimension reduction and prediction in regression}, journal = {Philosophical Transactions of the Royal Society}, series = {A}, number = {367}, pages = {4385--4405}, year = {2009}}

%LLE
@article{roweis2000nonlinear, title = {Nonlinear dimensionality reduction by locally linear embedding}, author = {S. T. Roweis and L. K. Saul}, journal = {Science}, volume = {290}, number = {5500}, pages = {2323--2326}, year = {2000}, publisher = {AAAS}}

%LTSA
@article{zhang2004principal, title = {Principal manifolds and nonlinear dimensionality reduction via tangent space alignment}, author = {Z. Zhang and H. Zha}, journal = {SIAM Journal on Scientific Computing}, volume = {26}, number = {1}, pages = {313--338}, year = {2004}}

%LPP
@inproceedings{he2005neighborhood, title = {Neighborhood preserving embedding}, author = {X. He and D. Cai and S. Yan and H. Zhang}, booktitle = {Proc. International Conference on Computer Vision}, volume = {2}, pages = {1208--1213}, year = {2005}}

%Localized PCA
@incollection{einbeck08, author = {J. Einbeck and L. Evers and C. {Bailer-Jones}}, title = {Representing Complex Data Using Localized Principal Components with Application to Astronomical Data}, booktitle = {Lecture Notes in Computational Science and Engineering}, year = {2008}, volume = {58}, pages = {178--201}, publisher = {Springer}}

%LLC
@inproceedings{teh02, author = {Y. W. Teh and S. T. Roweis}, title = {Automatic alignment of hidden representations}, booktitle = {Proc. Annual Conference on Neural Information Processing Systems}, pages = {841--848}, year = {2002}}

%Manifold Charting
@inproceedings{brand02, author = {M. Brand}, title = {Charting a manifold}, booktitle = {Proc. Annual Conference on Neural Information Processing Systems}, pages = {985--992}, year = {2002}}

%NMF
@inproceedings{lee01, author = {D. D. Lee and H. S. Seung}, title = {Algorithms for non-negative matrix factorization}, booktitle = {Proc. Annual Conference on Neural Information Processing Systems}, year = {2001}, pages = {556--562}}

%MAF
@article{larsen02, author = {R. Larsen}, title = {Decomposition using maximum autocorrelation factors}, journal = {Journal of Chemometrics}, volume = {16}, pages = {427--435}, year = {2002}}

%MVU
@inproceedings{weinberger04, author = {K. Q. Weinberger and F. Sha and L. K. Saul}, title = {Learning a kernel matrix for nonlinear dimensionality reduction}, booktitle = {Proc. International Conference on Machine Learning}, year = {2004}}

%Landmark MVU
@inproceedings{weinberger2005nonlinear, title={Nonlinear Dimensionality Reduction by Semidefinite Programming and Kernel Matrix Factorization.}, author={K. Q. Weinberger and B. Packer and L. K. Saul}, booktitle={AISTATS}, year={2005}, organization={Citeseer}}

@article{xgobi,
title = {{XGobi}: Interactive Dynamic Data Visualization in the {X} Window System},
author = {Deborah F. Swayne and Dianne Cook and Andreas Buja},
journal = {Journal of Computational and Graphical Statistics},
volume = 7,
number = 1,
year = {1998},
pages =  {113-130}
}

%Fast MVU
@techreport{van2007introduction, title={An introduction to dimensionality reduction using {M}atlab}, author={L. {van der Maaten}}, note={Technical Report MICC 07-07}, institution = {Maastricht University}, year={2007}}

%NeRV
@article{venna10, author = {J. Venna and J. Peltonen and K. Nybo and H. Aidos and S. Kaski}, year = {2010}, title = {Information retrieval perspective to nonlinear dimensionality reduction for data visualization}, journal = {Journal of Machine Learning Research}, volume = {11}, pages = {451--490}}

%Neural Networks
@article{malthouse98, author = {E. C. Malthouse}, year = {1998}, title = {Limitations of nonlinear {PCA} as performed with generic neural networks}, journal = {IEEE Transactions on Neural Networks}, volume = {9}, pages = {165--173}}

%Nonlinear PCA
@article{karhunen98, author = {J. Karhunen and P. Pajunen and E. Oja}, title = {The nonlinear {PCA} criterion in blind source separation: Relations with other approaches}, journal = {Neurocomputing}, volume = {22}, pages = {5--20}, year = {1998}, publisher = {Elsevier}}

%Principal Curves
@article{hastie89, author = {T. Hastie and W. Stuetzle}, title = {Principal Curves}, journal = {Journal of the American Statistical Association}, volume = 84, number = {406}, pages = {502--516}, year = {1989}, publisher = {Taylor \& Francis}}

%Principal Manofolds
@article{chang01, author = {K. Y. Chang and J. Ghosh}, title = {A Unified Model for Probabilistic Principal Surfaces}, journal = {IEEE TPAMI}, volume = {23}, number = {1}, pages = {22--41}, year = {2001}}

%PPCA
@article{tipping99, author = {M. E. Tipping and C. M. Bishop}, title = {Probabilistic principal component analysis}, journal = {Journal of the Royal Statistical Society}, series = {B}, volume = {61}, number = {3}, pages = {611--622}, year = {1999}}

%Projection Pursuit
@article{friedman87, title = {Exploratory Projection Pursuit}, author = {J. H. Friedman}, journal = {Journal of the American Statistical Association}, volume = {82}, pages = {249--266}, year = {1987}, publisher = {Taylor \& Francis}}

%Random Projections
@inproceedings{kaski98, author = {S. Kaski}, title = {Dimensionality reduction by random mapping: fast similarity computation for clustering}, booktitle = {Proc. International Joint Conference on Neural Networks}, pages = {413-418}, year = {1998}}

%Robust PCA
@article{he11, author = {R. He and B. G. Hu and W. S. Zheng and X. W. Kong}, title = {Robust principal component analysis based on maximum correntropy criterion}, journal = {IEEE Transactions on Image Processing}, year = {2011}, volume = {20}, number = {6}, pages = {1485--1494}}

%Sammon Mapping
@article{sammon69, author = {J. W. Sammon}, title = {A nonlinear mapping for data structure analysis}, journal = {IEEE Transactions on Computers}, volume = {18}, number = {5}, pages = {401--409}, year = {1969}}

%SOM
@book{kohonen97, author = {T. Kohonen}, title = {Self-organizing Maps}, year = {1997}, publisher = {Springer}}

%Slow Feature Analysis
@article{wiskott03, author = {L. Wiskott}, title = {Slow feature analysis: A theoretical analysis of optimal free responses}, journal = {Neural Computation}, volume = {15}, number = {9}, pages = {2147--2177}, year = {2003}, publisher = {MIT Press}}

%Sufficient Dimensionality Reduction
@inproceedings{wang10, author = {M. Wang and F. Sha and M. I. Jordan}, title = {Unsupervised kernel dimension reduction}, booktitle = {Proc. Annual Conference on Neural Information Processing Systems}, pages = {2379--2387}, year = {2010}}

%Tensor Factorization
@article{bro97, author = {R. Bro}, title = {{PARAFAC}. Tutorial and applications}, journal = {Chemometrics and intelligent laboratory systems}, year = {1997}, volume = {38}, number = {2}, pages = {149--171}, publisher = {Elsevier}}

%Vector Quantization
@inproceedings{kambhaltla94, author = {N. Kambhaltla and T. K. Leen}, title = {Fast Nonlinear dimension reduction}, booktitle = {Proc. Annual Conference on Neural Information Processing Systems}, pages = {152--159}, year = {1994}}

%ViSOM
@article{yin02, author = {H. Yin}, title = {{ViSOM} -- A Novel Method for Multivariate Data Projection and Structure Visualization}, journal = {IEEE Transactions on Neural Networks}, volume = {13}, number = {1}, pages = {237--243}, year = {2002}}

%t-SNE
@article{maaten2008visualizing, title = {Visualizing data using {t-SNE}}, author = {L. {van der Maaten} and G. E. Hinton}, journal = {Journal of Machine Learning Research}, volume = {9}, pages = {2579--2605}, year = {2008}}

%SPE
@article{agrafiotis2003stochastic, title = {Stochastic proximity embedding}, author = {D. K. Agrafiotis}, journal = {Journal of Computational Chemistry}, volume = {24}, number = {10}, pages = {1215--1221}, year = {2003}, publisher = {Wiley}}

%SparsePCA
@article{zou2006sparse, title = {Sparse principal component analysis}, author = {H. Zou and T. Hastie and R. Tibshirani}, journal = {Journal of Computational and Graphical Statistics}, volume = {15}, number = {2}, pages = {265--286}, year = {2006}, publisher = {Taylor \& Francis}}

%Metric MDS (Classic)
@book{torgerson58, author = {W. S. Torgerson}, title = {Theory and Methods of Scaling}, publisher = {Wiley}, year = {1958}}

%Nonmetric MDS
@article{kruskal1964multidimensional, title = {Multidimensional scaling by optimizing goodness of fit to a nonmetric hypothesis}, author = {J. B. Kruskal}, journal = {Psychometrika}, volume = {29}, number = {1}, pages = {1--27}, year = {1964}, publisher = {Springer}}

%LSP
@article{paulovich2008least, title = {Least square projection: A fast high-precision multidimensional projection technique and its application to document mapping}, author = {F. V. Paulovich and L. G. Nonato and R. Minghim and H. Levkowitz}, journal = {IEEE Transactions on Visualization and Computer Graphics}, volume = {14}, number = {3}, pages = {564--575}, year = {2008}}

%LLTSA
@article{zhang2007linear, title = {Linear local tangent space alignment and application to face recognition}, author = {T. Zhang and J. Yang and D. Zhao and X. Ge}, journal = {Neurocomputing}, volume = {70}, number = {7-9}, pages = {1547--1553}, year = {2007}, publisher = {Elsevier}}

%KLLE - removed, impl not working
@article{zhao2012facial, title = {Facial expression recognition using local binary patterns and discriminant kernel locally linear embedding}, author = {Z. Zhao and S. Zhang}, journal = {EURASIP journal on Advances in signal processing}, volume = {2012}, number = {1}, pages = {20}, year = {2012}, publisher = {Springer}}

%LAMP
@article{joia2011local, title = {Local affine multidimensional projection}, author = {P. Joia and D. Coimbra and J. A. Cuminato and F. V. Paulovich and L. G. Nonato}, journal = {IEEE Transactions on Visualization and Computer Graphics}, volume = {17}, number = {12}, pages = {2563--2571}, year = {2011}}

%LMNN
@inproceedings{weinberger2006distance, title={Distance metric learning for large margin nearest neighbor classification}, author={K. Weinberger and J. Blitzer and L. Saul}, booktitle={Proc. Annual Conference on Neural Information Processing Systems}, pages={1473--1480}, year={2006}}

%FastMap
@article{faloutsos1995fastmap, title = {{FastMap}: A fast algorithm for indexing, data-mining and visualization of traditional and multimedia datasets}, author = {C. Faloutsos and K. Lin}, journal = {ACM SIGMOD}, volume = {24}, number = {2}, year = {1995}, pages = {163-174}}

%Landmark Isomap
@inproceedings{chen2006improved, title = {Improved nonlinear manifold learning for land cover classification via intelligent landmark selection}, author = {Y. Chen and M. Crawford and J. Ghosh}, booktitle = {Proc. International Geoscience and Remote Sensing Symposium}, pages = {545--548}, year = {2006}}

%Landmark MDS
@techreport{de2004sparse, title = {Sparse multidimensional scaling using landmark points}, author = {V. {De Silva} and J. B. Tenenbaum}, year = {2004}, institution = {Stanford University}}

%PLMP
@article{paulovich2010two, title = {Two-phase mapping for projecting massive datasets}, author = {F. V. Paulovich and C. T. Silva and L. G. Nonato}, journal = {IEEE Transactions on Visualization and Computer Graphics}, volume = {16}, number = {6}, pages = {1281--1290}, year = {2010}}

%PLSP
@article{paulovich2010fast, title = {Piecewise {Laplacian-based} Projection for Interactive Data Exploration and Organization}, author = {F. V. Paulovich and D. M. Eler and J. Poco and and C. P. Botha and R. Minghim and L. G. Nonato}, journal = {Computer Graphics Forum}, year = {2011}, volume = {30}, number = {3}, pages = {1091--1100}}

%Projection by Clustering
@inproceedings{paulovich2006text, title = {Text map explorer: a tool to create and explore document maps}, author = {F. V. Paulovich and R. Minghim}, booktitle = {Proc. IEEE Intelligent
Vehicles Symposium}, pages = {245--251}, year = {2006}}

%Manifold Sculpting - removed, impl not working
@inproceedings{gashler2008iterative, title = {Iterative Nonlinear dimensionality reduction with manifold sculpting}, author = {M. Gashler and D. Ventura and T. Martinez}, booktitle = {Proc. Annual Conference on Neural Information Processing Systems}, pages = {513--520}, year = {2008}}

%KPCA
@inproceedings{scholkopf1997kernel, title = {Kernel principal component analysis}, author = {B. Sch{\"o}lkopf and A. Smola and K.-R. M{\"u}ller}, booktitle = {Proc. International Conference on Artificial Neural Networks}, pages = {583--588}, year = {1997}, organization = {Springer}}

%KPCA
@article{scholkopf98, author = {B. Sch{\"o}lkopf and A. J. Smola and K.-R. M{\"u}ller}, title = {Nonlinear component analysis as a kernel eigenvalue problem}, journal = {Neural Computation}, volume = {10}, number = {5}, pages = {1299--1319}, year = {1998}, publisher = {MIT Press}}

%Rapid Sammon
@inproceedings{pekalska1999new, title = {A new method of generalizing {S}ammon mapping with application to algorithm speed-up}, author = {E. Pekalska and D. de Ridder and R. P. W. Duin and M. A. Kraaijveld}, booktitle = {Proc. Annual Conference of the Advanced School for Computing and Imaging}, volume = {99}, pages = {221--228}, year = {1999}}

%Random Projection
@inproceedings{dasgupta2000experiments, title = {Experiments with Random Projection}, author = {S. Dasgupta}, booktitle = {Proc. Conference on Uncertainty in Artificial Intelligence}, pages = {143--151}, year = {2000}, organization = {Morgan Kaufmann}}

%LPP
@inproceedings{he2004locality, title = {Locality preserving projections}, author = {X. He and P. Niyogi}, booktitle = {Proc. Annual Conference on Neural Information Processing Systems}, pages = {153--160}, year = {2004}}

%MLLE
@inproceedings{zhang2007mlle, title = {{MLLE}: Modified locally linear embedding using multiple weights}, author = {Z. Zhang and J. Wang}, booktitle = {Proc. Annual Conference on Neural Information Processing Systems}, pages = {1593--1600}, year = {2007}}

%Stochastic Neighborhoog Embedding
@inproceedings{hinton2003stochastic, title = {Stochastic neighbor embedding}, author = {G. E. Hinton and S. T. Roweis}, booktitle = {Proc. Annual Conference on Neural Information Processing Systems}, pages = {857--864}, year = {2003}}

%Truncated SVD
@misc{halko2009finding, title={Finding structure with randomness: Stochastic algorithms for constructing approximate matrix decompositions}, author={N. Halko and P.-G. Martinsson and J. A. Tropp}, year={2009}, note = {arXiv:0909.4061 [math.NA]}}

%Incremental PCA
@article{ross2008incremental, title={Incremental learning for robust visual tracking}, author={D. A. Ross and J. Lim and R.-S. Lin and M.-H. Yang}, journal={International Journal of Computer Vision}, volume={77}, number={1-3}, pages={125--141}, year={2008}, publisher={Springer}}

%===============================
% End Methods/Algorithms
%===============================

%===============================
% Proc.
%===============================

@inproceedings{tang16, title = {Visualizing Large-scale and High-dimensional Data}, author = {J. Tang and J. Liu and M. Zhang and Q. Mei}, year = {2016}, booktitle = {Proc. International World Wide Web Conference}, pages = {287--297}}

@inproceedings{almeida2011contributions, title = {Contributions to the study of {SMS} spam filtering: new collection and results}, author = {T. A. Almeida and J. M. G. Hidalgo and A. Yamakami}, booktitle = {Proc. ACM Symposium on Document Engineering}, pages = {259--262}, year = {2011}}

@inproceedings{lawrence2004gaussian, title = {Gaussian process latent variable models for visualisation of high dimensional data}, author = {N. D. Lawrence}, booktitle = {Proc. Annual Conference on Neural Information Processing Systems}, pages = {329--336}, year = {2004}}

@inproceedings{globerson2006metric, title = {Metric learning by collapsing classes}, author = {A. Globerson and S. T. Roweis}, booktitle = {Proc. Annual Conference on Neural Information Processing Systems}, pages = {451--458}, year = {2006}}

@article{sanftmann09,
author = {H. Sanftmann and D. Weiskopf}, 
title = {Illuminated {3D} scatterplots},
journal = {Computer Graphics Forum},
year = 2009,
volume = 28,
number = 3, 
pages = {642-651}
}

@article{poco11,
author = {J. Poco and R. Etemadpour and F. V. Paulovich and
T. Long and P. Rosenthal and M. C. F. Oliveira and L. Linsen and R. Minghim},
title = {A framework for exploring multidimensional data with {3D} projections}, 
journal = {Computer Graphics Forum},
year = 2011, 
volume = 30,
number = 3, 
pages = {1111-1120}
}

@article{sanftmann12,
author = {H. Sanftmann and D. Weiskopf},
title = {{3D} scatterplot navigation}, 
journal = {IEEE Transactions on Visualization and Computer Graphics},
year = 2012, 
volume = 18,
number = 11, 
pages = {1969-1978}
}

@article{chan14,
author = {Y. Chan and C. Correa and K. L. Ma}, 
title = {Regression cube: a technique for multidimensional visual exploration and interactive pattern finding},
journal = {ACM Transactions on Interactive Intelligent Systems},
year = 2014,
volume = 4,
number = 1
}

@article{pearson01,
author = {K. Pearson},
year = 1901,
title = {On lines and planes of closest fit to systems of points in space}, 
journal = {Philosophical Magazine}, 
volume = 2, 
number = 11, 
pages = {559-572}
}

@article{hotelling33,
author = {H. Hotelling},
year = 1933,
title = {Analysis of a Complex of Statistical Variables Into Principal Components},
journal = {Journal of Educational Psychology}, 
volume = 24,
pages = {417-441; 498-520}
}

@inproceedings{hyvarinen1999fast, title = {Fast {ICA} for noisy data using {G}aussian moments}, author = {A. Hyvarinen}, booktitle = {Proc. International Symposium on Circuits and Systems}, year = {1999}, volume = {5}, pages = {57--61}}

@inproceedings{minghim2006content, author = {R. Minghim and F. V. Paulovich and A. A. Lopes}, title = {Content-based text mapping using multi-dimensional projections for exploration of document collections}, booktitle = {Proc. Visualization and Data Analysis}, year = {2006}}

@inproceedings{seifert10, author = {C. Seifert and V. Sabol and W. Kienreich}, title = {Stress maps: analysing local phenomena in dimensionality reduction based visualisations}, booktitle = {Proc. IEEE Symposium on Visual Analytics Science and Technology}, year = {2010}}

@inproceedings{martins15, title = {Explaining neighborhood preservation for multidimensional projections}, booktitle = {Proc. Conference on Computer Graphics \& Visual Computing}, pages = {121-128}, year = {2015}, publisher = {Eurographics}, author = {R. Martins and R. Minghim and A. C. Telea}}

@inproceedings{ilamp, author = {E. Amorim and E. Brazil and J. Daniels and P. Joia and L. Nonato and M. Sousa}, title = {{iLAMP}: Exploring high-dimensional spacing through backward multidimensional projection}, booktitle = {Proc. IEEE Symposium on Visual Analytics Science and Technology}, year = {2012}}

@inproceedings{inselberg90, author = {A. Inselberg and B. Dimsdale}, title = {Parallel coordinates: A tool for visualizing multi-dimensional geometry}, booktitle = {Proc. IEEE Visualization Conference}, pages = {361-378}, year = {1990}}

@inproceedings{tablelens, title = {Combining Extended Table Lens and Treemap Techniques for Visualizing Tabular Data}, author = {A. C. Telea}, booktitle = {Proc. Eurographics Conference on Visualization}, pages = {120--127}, year = {2006}}

@inproceedings{rao94, author = {R. Rao and S. K. Card}, title = {The Table Lens: Merging graphical and symbolic representations in an interactive focus+context visualization for tabular information}, booktitle = {Proc. SIGCHI Conference on Human Factors in Computing Systems}, year = {1994}, pages = {318-322}}

@article{newby02,
author = {G. Newby},
title = {Empirical study of a {3D} visualization for information retrieval tasks},
journal = {Journal of Intelligent Systems}, 
year = 2002,
volume = 18,
number = 1, 
pages = {31-53}
}

@article{westerman05,
author = {S. Westerman and J. Collins and T. Cribbin}, 
title = {Browsing a document collection represented in two- and three- dimensional virtual information space},
journal = {International Journal of Human-Computer Studies}, 
year = 2005,
volume =  62,
number = 6, 
pages = {713-736}
}

@article{westerman00,
author = {S. Westerman and T. Cribbin}, 
title = {Mapping semantic information in virtual space: dimensions, variance and individual differences}, 
journal = {International Journal of Human-Computer Studies}, 
year = 2000,
volume = 53,
number = 5,
pages = {765-787}
}

@inproceedings{zhai_ccis,
title = {{Skeleton-and-Trackball} Interactive Rotation Specification for {3D} Scenes}, 
author = {X. Zhai and L. Yu and X. Chen and A. Telea},
booktitle =  {Communication in Computer and Information Science}, 
publisher = {Springer},
pages = {26-52},
year = {2022}
}

@misc{tool_code,
author = {Z. Tian and X. Zhai and G. van Steenpaal and L. Yu and E. Dimara and M. Espadoto and A. Telea},
title = {Explanatory visualization tool for {2D} and {3D} projections},
year = 2021,
note = {Source code \url{https://git.science.uu.nl/vig/mscprojects/Pointctl}}
}
@misc{evaluation,
author = {Z. Tian and X. Zhai and G. van Steenpaal and L. Yu and E. Dimara and M. Espadoto and A. Telea},
title = {Comparing {2D} and {3D} explained projections -- Evaluation datasets, metrics, and results},
year = 2021,
note = {\url{https://tianzonglin.github.io/project-compare}}
}

@misc{fabrikant00,
author = {S. I. Fabrikant},
title = {Spatial metaphors for browsing large data archives},
note = {PhD thesis, University of Colorado Boulder}, 
year = 2000
}

@inproceedings{tavanti01,
author = {M. Tavanti and M. Lind},
title = {{2D} \emph{vs} {3D}, implications on spatial memory},
booktitle = {Proc. IEEE Symposium on Information Visualization},
pages = {139-145},
year = 2001
}

%============================
% End Proc.
%============================

%============================
% Articles
%============================

@inproceedings{rauber_dtsne,
author = {P. Rauber and A. Falcao and A. Telea},
title = {Visualizing Time-Dependent Data Using Dynamic {t-SNE}},
booktitle = {Proc. Eurographics Conference on Visualization},
year = 2016,
pages = {43-49}
}

@article{rauber17, title = {Projections as visual aids for classification system design}, author = {P. E. Rauber and A. X. Falc{\~a}o and A. C. Telea}, journal = {Information Visualization}, volume = {17}, number = {4}, year = {2017}, pages = {282--305}, publisher = {SAGE Publ.}}

@article{aupetit07, author = {M. Aupetit}, title = {Visualizing distortions and recovering topology in continuous projection techniques}, journal = {Neurocomputing}, year = {2007}, volume = {10}, number = {7--9}, pages = {1304--1330}, publisher = {Elsevier}}

@article{lespinats11, author = {S. Lespinats and M. Aupetit}, title = {{CheckViz}: Sanity check and topological clues for linear and Nonlinear mappings}, journal = {Computer Graphics Forum}, year = {2011}, volume = {30}, number = {1}, pages = {113--125}}

@article{becker96, author = {R. Becker and W. Cleveland and M. Shyu}, title = {The visual design and control of trellis display}, journal = {Journal of Computational and Graphical Statistics}, volume = {5}, number = {2}, pages = {123--155}, year = {1996}}

@article{yates14, title = {Visualizing Multidimensional Data with Glyph {SPLOM}s}, author = {A. Yates and A. Webb and M. Sharpnack and H. Chamberlin and K. Huang and R. Machiraju}, journal = {Computer Graphics Forum}, volume = {33}, number = {3}, year = {2014}, pages = {301--310}}

@article{lee09, author = {J. A. Lee and M. Verleysen}, title = {Quality assessment of dimensionality reduction: Rank-based criteria}, journal = {Neurocomputing}, volume = 72, number = 7, pages = {1431--1443}, year = {2009}, publisher = {Elsevier}}

@article{buja96, author = {A. Buja and D. Cook and D. F. Swayne}, year = {1996}, title = {Interactive High-Dimensional Data Visualization}, journal = {Journal of Computational and Graphical Statistics}, volume = {5}, number = {1}, pages = {78--99}, }

@article{gisbrecht15, title = {Data visualization by nonlinear dimensionality reduction}, author = {A. Gisbrecht and B. Hammer}, journal = {WIREs Data Mining Knowledge Discovery}, year = {2015}, volume = {5}, pages = {51--73}, publisher = {Wiley}}

@article{xie16_comparison, title = {Comparison among dimensionality reduction techniques based on Random Projection for cancer classification}, author = {H. Xie and J. Li and Z. Qiaosheng and Y. Wang}, year = {2016}, journal = {Computational biology and chemistry}, volume = {65}, pages = {501--508}}

@article{goldberg2009local, title = {Local procrustes for manifold embedding: a measure of embedding quality and embedding algorithms}, author = {Y. Goldberg and Y. Ritov}, journal = {Machine learning}, volume = {77}, number = {1}, pages = {1--25}, year = {2009}, publisher = {Springer}}

@article{chen2009local, title = {Local multidimensional scaling for nonlinear dimension reduction, graph drawing, and proximity analysis}, author = {L. Chen and A. Buja}, journal = {Journal of the American Statistical Association}, volume = {104}, number = {485}, pages = {209--219}, year = {2009}, publisher = {Taylor \& Francis}}

@article{bauer1992quantifying, title = {Quantifying the neighborhood preservation of self-organizing feature maps}, author = {H.-U. Bauer and K. R. Pawelzik}, journal = {IEEE Transactions on neural networks}, volume = {3}, number = {4}, pages = {570--579}, year = {1992}}

%===========================
% End Articles
%===========================






%%%%%%%%%%%%%%%%%%%%%%%%%%%%%%%%% chapter ivapp %%%%%%%%%%%%%%%%%%%%%%%%%%%%%%%





% -- Volume 3: IVAPP
@inproceedings{tian_ivapp23,
 title = {Viewpoint-Based Quality for Analyzing and Exploring {3D} Multidimensional Projections},
 author = {W. Castelein and Z. Tian and T. Mchedlidze and A. Telea},
 booktitle = {Proc. International Joint Conference on Computer Vision, Imaging and Computer Graphics Theory and Applications},
 year = 2023
 }
 
@inproceedings{aupetit2014sanity, title={Sanity check for class-coloring-based evaluation of dimension reduction techniques}, author={M. Aupetit}, booktitle={Proc. {BELIV} workshop}, pages={134--141}, year={2014}, publisher={ACM}}
 
@article{spherical_f,
author = {Alvaro Gonzalez}, 
title = {Measurement of areas on a sphere using {F}ibonacci and latitude–longitude lattices},
journal = {Mathematical Geosciences}, 
volume = 42,
number = 1,
pages = {49–64}, 
year = 2010
}

@inproceedings{camahort98,
title = {Uniformly sampled light fields}, 
booktitle = {Proc. Eurographics Symposium on Rendering},
year = 1998,
pages = {117-130},
author = {E. Camahort and A. Lerios and D. Fussell}
}

@misc{software_tool,
author = {W. Castelein and Z. Tian and T. Mchedlidze and A. Telea},
title = {Viewpoint-based comparison of {2D} and {3D} projections -- datasets, software, and results},
note = {\url{https://github.com/WouterCastelein/Proj3D_views}},
year = 2022
}

@inproceedings{viz3d,
title = {{Viz3D}: Effective exploratory visualization of large multidimensional data sets},
author = {A. O. Artero and M. C. F. de Oliveira},
booktitle = {Proc. Conference on Graphics, Patterns and Images},
year = 2004
}

@article{lightfields,
author = {M. Levoy},
title = {Light Fields and Computational Imaging},
journal = {Computer}, 
volume = 39, 
number = 8, 
year = 2006,
pages = {46-55}
}

@misc{bank20,
title = {Autoencoders},
author = {Dor Bank and Noam Koenigstein and Raja Giryes},
year = 2020,
note = {arXiv:2003.05991 [cs.LG]}
}






%%%%%%%%%%%%%%%%%%%%%%%%%%%%%%%%% chapter mlvis %%%%%%%%%%%%%%%%%%%%%%%%%%%%%%%





@inproceedings{ptsne,
	title = {Learning a parametric embedding by preserving local structure},
	booktitle = {Proc. International Conference on Artificial Intelligence and Statistics},
	author = {L. van der Maaten},
	year = {2009}
}

@article{eduardo2,
title = {Quantitative Comparison of Time-Dependent Treemaps},
author = {E. Vernier and M. Sondag and J. Comba and B. Speckmann and A. Telea and K. Verbeek},
journal = {Computer Graphics Forum},
volume = 39,
number = 3, 
pages = {393-404},
year = 2020
}

@misc{wattenberg_how_2016,
author = {Martin Wattenberg and Fernanda Vi{\'e}gas and Ian Johnson},
title = {How to Use {t-SNE} Effectively},
note = {\url{https://distill.pub/2016/misread-tsne}},
year = {2019}
}


@article{shorten19,
title = {A survey on Image Data Augmentation for Deep Learning},
author = {Connor Shorten and Taghi M. Khoshgoftaar},
journal = {Journal of Big Data},
volume = 6, 
number = 60,
year = 2019
}

@book{kde,
author = {B. W. Silverman},
title = {Density estimation for statistics and data analysis},
booktitle = {Monographs on Statistics and Applied Probability},
publisher = {Chapman \& Hall / CRC},
year = 1986
}

@misc{nnp_repo,
  title                    = {NNP Stability Exploration Code and Data},
  Author                   = {C. Bredius},
  Year                     = {2020},
  Url                      = {https://github.com/CarloBredius/NNP}
}

@inproceedings{garcia13,
title = {Stability comparison of dimensionality reduction techniques attending to data and parameter variations},
author = {Francisco J. Garcia-Fernandez and Michel Verleysen and John A. Lee and Ignacio Diaz},
booktitle = {Proc. Eurographics Conference on Visualization},
year = 2013
}

@article{eduardo1,
title = {Quantitative Evaluation of Time-Dependent Multidimensional Projection Techniques}, 
author = {E. Vernier and R. Garcia and I. da Silva and J. Comba and A. Telea},
journal = {Computer Graphics Forum}, 
volume = 39,
number = 3, 
pages = {241-252},
year = 2020
}

@inproceedings{knnp,
  title={Improving Deep Learning Projections by Neighborhood Analysis},
  author={Terri S. Modrakowski and Mateus Espadoto and Alexandre X. Falc{\~a}o and Nina S. T. Hirata and Alexandru Telea},
  booktitle = {Proc. International Joint Conference on Computer Vision, Imaging and Computer Graphics Theory and Applications},
  publisher  = {Springer},
  year         = 2020
}

% -- Volume 3: IVAPP
@inproceedings{ssnp,
title = {Self-Supervised Dimensionality Reduction with Neural Networks and Pseudo-labeling}, 
author = {M. Espadoto and N. Hirata and A. Telea},
booktitle = {Proc. International Joint Conference on Computer Vision, Imaging and Computer Graphics Theory and Applications},
publisher = {SciTePress},
year = 2021
}

% -- Volume 3: IVAPP
@inproceedings{nnp_ivapp,
title = {Improving Neural Network-based Multidimensional Projections}, 
author = {M. Espadoto and A. Falcao and N. Hirata and A. Telea},
booktitle = {Proc. International Joint Conference on Computer Vision, Imaging and Computer Graphics Theory and Applications},
publisher = {SciTePress},
year = 2020
}

@misc{fashionmnist, author = {H. Xiao and K. Rasul and R. Vollgraf}, title = {Fashion-{MNIST}: a Novel Image Dataset for Benchmarking Machine Learning Algorithms}, year = {2017}, note = {arXiv 1708.07747 [cs.LG]},}

@inproceedings{renda,
author = {M. Becker and J. Lippel and A. Stuhlsatz}, 
title = {Regularized non- linear discriminant analysis -- an approach to robust dimensionality reduction for data visualization},
booktitle = {Proc. International Joint Conference on Computer Vision, Imaging and Computer Graphics Theory and Applications}, 
year = 2017, 
pages = {116-127}, 
publisher = {SciTePress}
}

@article{nnp,
title = {Deep Learning Multidimensional Projections},
author = {M. Espadoto and N. Hirata and A. Telea},
journal = {Information Visualization},
volume = 9,
number = 3, 
pages = {247-269},
year = 2020
}

@inproceedings{tian_mlvis,
title = {Visual Exploration of Neural Network Projection Stability},
author = {C. Bredius and Z. Tian and A. Telea},
booktitle = {Proc. Machine Learning Methods in Visualisation for Big Data},
publisher = {Eurographics},
year = 2022
}

@article{zonglin_cag,
title = {Using Multiple Attribute-Based Explanations of Multidimensional Projections to Explore High-Dimensional Data}, 
author = {Z. Tian and X. Zhai and D. van Driel and Gijs van Steenpaal and M. Espadoto and A. Telea},
journal = {Computers and Graphics},
volume = 98, 
pages = {93-104},
year = 2021
}

% -- Volume 3: IVAPP
@inproceedings{sdr_nnp,
title = {{SDR-NNP}: Sharpened Dimensionality Reduction with Neural Networks},
author = {Y. Kim and M. Espadoto and S. Trager and J. Roerdink and A. Telea},
booktitle = {Proc. International Joint Conference on Computer Vision, Imaging and Computer Graphics Theory and Applications},
publisher = {SciTePress},
year = 2022
}
 



%%%%%%%%%%%%%%%%%%%%%%%%%%%%%%%%% below chapters were not used %%%%%%%%%%%%%%%%%%%%%%%%%%%%%%%


%%%%%%%%%%%%%%%%%%%%%%%%%%%%%%%%% unused chapter 3 %%%%%%%%%%%%%%%%%%%%%%%%%%%%%%%




@Article{Jackson:2013:LTI,
  author = {Bret Jackson and Tung Yuen Lau and David Schroeder and Kimani C. Toussaint and Daniel F. Keefe },
	title = {A Lightweight Tangible {3D} Interface for Interactive Visualization of Thin Fiber Structures},
	journal = {IEEE Transactions on Visualization and Computer Graphics},
	year = {2013},
	volume = {19},
	number = {12},
	pages = {2802-2809},
}

@article{hesselink08,
author = {W. H. Hesselink and J. B. T. M. Roerdink},
title = {{E}uclidean skeletons of digital image and volume data in linear time by the integer medial axis transform},
journal = {IEEE TPAMI},
volume = 30,
number = 12,
pages = {2204-2217},
year = 2008
}

@article{rosenfeld68,
author = {A. Rosenfeld and J. Pfaltz},
title = {Distance Functions in Digital Pictures},
journal = {Pattern Recognition},
volume = 1,
year = 1968,
pages = {33-61},
publisher = {Elsevier}
}

@inproceedings{cao10,
title = {Parallel Banding Algorithm to compute exact distance transform with the {GPU}},
author = {Thanh-Tung Cao and Ke Tang	and Anis Mohamed and Tiow-Seng Tan},
booktitle = {Proc. ACM SIGGRAPH Symposium on Interactive 3D Graphics and Games},
pages = {83-90},
year = 2010
}

@article{manifolds,
title = {Robust Segmentation of Multiple Intersecting Manifolds from Unoriented Noisy Point Clouds},
author = {J. Kustra and A. Jalba and A. Telea},
journal = {Computer Graphics Forum},
volume = 33,
number = 4,
year = 2014,
pages = {73-87}
}

@inproceedings{sobiecki13,
title = {Qualitative Comparison of Contraction-based Curve Skeletonization Methods}, 
author = {A. Sobiecki and H. Yasan and A. Jalba and A. Telea},
booktitle = {Proc. International Symposium on Memory Management}, 
publisher = {Springer},
year = 2013
}

@article{dubinski01,
author = {J. Dubinski},
year = 2001,
title = {When galaxies collide},
journal = {Astronomy Now},
volume = 15,
number = 8,
pages = {56-58}
}

@misc{gravitas,
author = {{J. Dubinski \emph{et al.}}},
year = 2006,
title = {{GRAVITAS}: Portraits of a Universe in Motion},
note = {\url{https://www.cita.utoronto.ca/~dubinski/galaxydynamics/gravitas.html}}
}

@article{skelsurvey,
title = {{3D} Skeletons: A State-of-the-Art Report},
author = {Andrea Tagliasacchi and Thomas Delame and Michela Spagnuolo and Nina Amenta and Alexandru Telea},
journal = {Computer Graphics Forum},
volume = 35,
number = 2,
year = 2016,
pages = {573-597}
}

@inproceedings{Zhao:2011:CMR,
	author = {Yao Jun Zhao and Dmitri Shuralyov and Wolfgang Stuerzlinger},
	title = {Comparison of Multiple {3D} Rotation Methods},
	booktitle = {Proc. International Symposium on Virtual Environments},
	year = {2011},
	pages = {19-23},
}

@Article{Yu:2010:FI3D,
	author = {Lingyun Yu and Pjotr Svetachov and Petra Isenberg and Maarten H. Everts and Tobias Isenberg},
	title = {{FI3D}: {Direct}-Touch Interaction for the Exploration of {3D} Scientific Visualization Spaces},
	journal = {IEEE Transactions on Visualization and Computer Graphics},
	year = {2010},
	volume = {16},
	number = {6},
	pages = {1613-1622}
}

@inproceedings{Duffin:1994:Spiders,
	author = {Kirk L. Duffin and William A. Barrett},
	title = {Spiders: A New User Interface for Rotation and Visualization of {N-dimensional} Point Sets},
	booktitle = {Proc. IEEE Visualization},
	year = {1994},
	pages = {205-211},
}

@inproceedings{Bade:2005:RBF,
	author = {Ragnar Bade and Felix Ritter and Bernhard Preim},
	title = {Usability Comparison of Mouse-based Interaction Techniques for Predictable {3D} Rotation},
	booktitle = {Proc. Smart Graphics},
	year = {2005},
	pages = {138-150},
}

@Article{Chaouch:2009:AOM,
	author = {Mohamed Chaouch and Anne Verroust-Blondet},
	title = {Alignment of {3D} models},
	journal = {Graphical Models},
	year = {2009},
	volume = {71},
	number = {2},
	pages = {63-76}
}

@inproceedings{Kaye:2015:MAG,
	author = {David Kaye and Ioannis Ivrissimtzis},
	title = {Mesh Alignment using Grid based {PCA}},
	booktitle = {Proc. Conference on Geometry: Theory and Applications)},
	year = {2015},
	pages = {174-181},
}

@Article{Tangelder:2008:CBS,
	author = {Johan W. H. Tangelder and Remco C. Veltkamp},
	title = {A Survey of Content Based {3D} Shape Retrieval Methods},
	journal = {Multimedia Tools and Applications},
	year = {2008},
	volume = {39},
	number = {441},
	pages={441-471}
}

@inproceedings{Guo:2017:MTA,
	author = {Jiechang Guo and Yigang Wang and Peng Du and Lingyun Yu},
	title = {A Novel Multi-touch Approach for {3D} Object Free Manipulation},
	booktitle = {Proc. International Workshop on Next Generation Computer Animation Techniques},
	year = {2017},
	pages = {159-172},
    publisher = {Springer}
}

@inproceedings{Yun:2009:ISV,
	author = {Lingyun Yu and Tobias Isenberg},
	title = {Exploring One- and Two-Touch Interaction for {3D} Scientific Visualization Spaces},
	booktitle = {Posters of Interactive Tabletops and Surfaces (Proc. Internet Technologies \& Society Conference)},
	year = {2009},
}

@article{telea11,
  title={Feature Preserving Smoothing of Shapes Using Saliency Skeletons},
  author = {A. Telea},
  journal={Mathematics and Visualization},
  pages={153},
  year={2012},
  publisher={Springer}
}

@book{siddiqi08,
title = {Medial Representations: Mathematics, Algorithms and Applications},
author = {K. Siddiqi and S. Pizer},
publisher = {Springer},
year = 2008
}

@misc{skelinteract,
author = {X. Zhai and L. Yu and X. Chen and A. Telea},
title = {Source code and videos of interactive skeleton-based axis rotation},
note = {\url{http://www.staff.science.uu.nl/~telea001/Shapes/CUDASkelInteract}},
year = 2019
}

@article{sbeb,
title = {Skeleton-Based Edge Bundling for Graph Visualization},
author = {O. Ersoy and C. Hurter and F. Paulovich and G. Cantareiro and A. Telea},
journal = {IEEE Transactions on Visualization and Computer Graphics},
volume = 17,
number = 2,
year = 2011,
pages = {2364 - 2373}
}

@inproceedings{afmm,
	author = {Alexadru Telea and Jarke J. van Wijk},
	title = {An Augmented Fast Marching method for computing Skeletons and Centerlines},
	booktitle = {Proc. Symposium on Data Visualisation},
	year = {2002},
	pages = {251-259},
    publisher = {Springer}
}

@techreport{Franck:2015,
	author = {Franck H\'{e}troy-Wheeler},
	title = {Segmentation and Skeleton Methods for Digital Shape Understanding},
	organization = {Univerist\'{e} Grenoble Alpes},
	year = {2015},
	month = {},
	url = {https://hal.inria.fr/tel-01246006v2}
}

% -- Volume 4: VISAPP
@inproceedings{kustra13,
title = {Probabilistic View-based Curve Skeleton Computation on the {GPU}},
author = {J. Kustra and A. Jalba and A. Telea},
booktitle = {Proc. International Joint Conference on Computer Vision, Imaging and Computer Graphics Theory and Applications},
year = 2013,
pages = {237-246},
publisher = {SCITEPRESS}
}

@article{rodrigues18,
title = {Part-Based Mesh Segmentation: A Survey},
author = {Rui S. V. Rodrigues and Jose F. M. Morgado and Abel J. P. Gomes},
journal = {Computer Graphics Forum},
volume = 37,
number = 6,
year = 2018,
pages = {235-274}
}

@Article{Bian:2018:AGD,
	author = {Shaojun Bian and Anzong Zheng and Ehtzaz Chaudhry and Lihua You and Jian J. Zhang},
	title = {Automatic Generation of Dynamic Skin Deformation for Animated Characters},
	journal = {Symmetry},
	year = {2018},
	volume = {10},
	number = {4},
	pages = {89}
}

@Article{Reniers:2008:CMS,
	author = {D. Reniers and J. J. van Wijk and A. Telea},
	title = {Computing Multiscale Skeletons of Genus 0 Objects Using a Global Importance Measure},
	journal = {IEEE Transactions on Visualization and Computer Graphics},
	year = {2008},
	volume = {14},
	number = {2},
	pages = {355-368},
}

@Article{Emory:2014:VTA,
	author = {M. Emory and G. Iaccarino},
	title = {Visualizing turbulence anisotropy in the spatial domain with componentality contours},
	journal = {Center for Turbulence Research Annual Research Briefs},
	year = {2014},
	volume = {},
	number = {},
	month = {},
	pages = {123-138},
	url = {https://web.stanford.edu/group/ctr/ResBriefs/2014/14_emory.pdf},
}





%%%%%%%%%%%%%%%%%%%%%%%%%%%%%%%%% unused chapter 4 %%%%%%%%%%%%%%%%%%%%%%%%%%%%%%%





@inproceedings{dasilva15,
title = {Attribute-based Visual Explanation of Multidimensional Projections},
author = {Renato da Silva and Paulo Rauber and Rafael Martins and Rosane Minghim and Alexandru Telea},
booktitle = {Proc. International EuroVis Workshop on Visual Analytics},
year = 2015,
pages = {97-101}
}

@article{cheng98,
author = {I-Cheng Yeh},
title = {Modeling of strength of high performance concrete using artificial neural networks}, 
journal = {Cement and Concrete Research},
volume =  28, 
number = 12, 
pages = {1797-1808}, 
year = 1998
}

@misc{eigen,
author = {B. Jacob and G. Guennebaud},
title = {{Eigen} numerical library},
note = {\url{http://eigen.tuxfamily.org}},
year = 2020
}

@misc{uci,
author = {M. Lichman},
year = 2013, 
title = {{UCI} Machine Learning Repository}, 
note = {\url{http://archive.ics.uci.edu/ml}}, 
publisher = {University of California, School of Information and Computer Science}
}

@article{coimbra16,
title = {Explaining three-dimensional dimensionality reduction plots},
author = {D. Coimbra and R. Martins and T. Neves and A. Telea and F. Paulovich}, 
journal = {Information Visualization}, 
volume = 15,
number = 2, 
pages = {154-172}, 
publisher = {SAGE Publ.}, 
year = 2016
}

@article{broeksema13,
title = {Visual Analysis of Multidimensional Categorical Datasets}, 
author = {B. Broeksema and T. Baudel and A. Telea},
journal = {Computer Graphics Forum}, 
volume = 32, 
number = 8, 
pages = {158-169}, 
year = 2013
}

%UMAP
@misc{mcinnes2018umap, title = {{UMAP}: Uniform Manifold Approximation and Projection for Dimension Reduction}, author = {L. McInnes and J. Healy and J. Melville}, year = {2018}, note = {arXiv:1802.03426v2 [stat.ML]}}

@article{pagliosa,
author = {P. Pagliosa and F. Paulovich and R. Minghim and H. Levkowitz and L. Nonato},
title = {Projection inspector: Assessment and synthesis of multidimensional projections},
journal = {Neurocomputing}, 
volume = 150,
year = 2015, 
pages = {599-610}
}

@article{schreck10,
author = {T. Schreck and T. von Landesberger and S. Bremm}, 
title = {Techniques for precision-based visual analysis of projected data}, 
journal = {Information Visualization}, 
year = 2010,
volume = 9,
number = 3, 
pages = {181-193}
}

@article{martins14, title = {Visual analysis of dimensionality reduction quality for parameterized projections}, author = {R. Martins and D. Coimbra and R. Minghim and A. C. Telea}, journal = {Computers \& Graphics}, volume = {41}, year = {2014}, pages = {26--42}, publisher = {Elsevier}}

@article{donnell11,
journal = {Neurosurgery Clinics of North America}, 
year = 2011,
volume = 22,
number = 2,
pages = {185-196}, 
title = {An introduction to diffusion tensor image analysis},
author = {L. J. O'Donnell and C. F. Westin}
}

@article{north,
author = {G. R. North and T. L. Bell and R. F. Cahalan and F. J. Moeng},
year = 1982,
title = {Sampling errors in the estimation of empirical orthogonal functions},
journal = {Monthly Weather Review},
volume = 110, 
pages = {699-706}
}

@inproceedings{besse,
author = {P. Besse and A. Falguerolles}, 
title = {Application of resampling methods to the choice of dimension in principal component analysis},
booktitle = {Computer Intensive Methods in Statistics}, 
pages = {167-176},
publisher = {Springer},
year = 1993
}




%%%%%%%%%%%%%%%%%%%%%%%%%%%%%%%%% unused chapter 6 %%%%%%%%%%%%%%%%%%%%%%%%%%%%%%%




@Article{falcao_ift,
author = "A. Falc{\~a}o and J. Stolfi and R. Lotufo",
title = "The image foresting transform: Theory, algorithms, and applications",
journal = "IEEE TPAMI",
volume = "26", 
number = "1",
year = "2004", 
pages = "19-29"
}

@inproceedings{thickness,
title = {Voxel-based assessment of printability of {3D} shapes}, 
author = {A. Telea and A. Jalba},
booktitle = {Proc. International Symposium on Memory Management},
year = 2011, 
publisher = {Springer}
}

@inproceedings{hancock07,
author = {Mark Hancock and Sheelagh Carpendale and Andy Cockburn}, 
year = 2007,
title = {Shallow-depth {3D} interaction: design and evaluation of one-, two- and three-touch techniques}, 
booktitle = {Proc. ACM CHI Conference on Human Factors in Computing Systems},
pages = {1147-1156}
}

@inproceedings{hancock10,
author = {Mark Hancock and Thomas ten Cate and Sheelagh Carpendale and Tobias Isenberg},
year = 2010,
title = {Supporting sandtray therapy on an interactive tabletop}, 
booktitle = {Proc. ACM CHI Conference on Human Factors in Computing Systems},
pages = {2133-2142}
}

@inproceedings{multiscale_feng,
title = {Multiscale {2D} medial axes and {3D} surface skeletons by the image foresting transform},
author = {A. Falcao and C. Feng and J. Kustra and A. Telea},
booktitle = {Skeletonization -- Theory, Methods, and Applications},
editor = {P. Saha and G. Borgefors and G. S. di Baja}, 
publisher = {Elsevier},
year = 2017,
note = {Ch. 2}
}

@article{ogniewicz95,
author = {R. L. Ogniewicz and O. Kubler},
title = {Hierarchic {V}oronoi skeletons},
journal = {Patt Recog},
number = 28,
pages = {343-359},
year = 1995
}

@article{henriksen04,
title = {Virtual trackballs revisited},
author = {K. Henriksen and J. Sporring and K. Hornbaek},
journal = {IEEE Transactions on Visualization and Computer Graphics},
volume = 10,
number = 2,
year = 2004,
pages = {206-216}
}

@misc{belousov16,
author = {B. Belousov},
title = {Difference between two rotation matrices},
note = {\url{http://www.boris-belousov.net/2016/12/01/quat-dist}},
year = 2016
}

@article{chen88,
author = {M. Chen and S. Mountford and A. Sellen},
title = {A study in interactive {3D} rotation using {2D} control devices},
journal = {Computer Graphics Forum},
volume = 22,
number = 4,
pages = {121-129},
year = 1998
}

@inproceedings{shoemake92,
author = {K. Shoemake},
title = {Arcball: A user interface for specifying three-dimensional orientation using a mouse},
booktitle = {Proc. Graphics Interface},
year = 1992,
pates = {151-156}
}

@incollection{blum67,
     author = "Blum, H.",
      title = "A transformation for extracting new descriptors of shape",
      booktitle = "Models for the Perception of Speech and Visual Form",
       year = "1967",
      pages = "362-381",
  publisher = "MIT Press"
}

@article{livesu12,
title = {Reconstructing the Curve-Skeletons of {3D} Shapes Using the Visual Hull},
author = {M. Livesu and F. Guggeri and R. Scateni},
journal = {IEEE Transactions on Visualization and Computer Graphics},
volume = 18,
number = 11,
pages = {1891-1901},
year = 2012
}

@inproceedings{jacob95,
author = {I. Jacob and J. Oliver},
title = {Evaluation of techniques for specifying {3D} rotations with a {2D} input device},
booktitle = {Proc. International Conference on Human-Computer Interaction},
year = 1995,
pages = {63-76}
}

@inproceedings{partala99,
author = {T. Partala},
title = {Controlling a single {3D} object: Viewpoint metaphors, speed, and subjective satisfaction},
booktitle = {Proc. {IFIP TC.} 13 International Conference on Human-Computer Interaction},
year = 1999,
pages = {536-543}
}

@inproceedings{frokjaer90,
author = {E. Frokjaer and M. Hertzum and K. Hornbaek},
title = {Measuring usability: Are effectiveness, efficiency, and satisfaction really correlated?},
booktitle = {Proc. ACM CHI Conference on Human Factors in Computing Systems},
year = 2000,
pages = {345-352}
}

@article{cornea07,
title = {Curve-Skeleton Properties, Applications, and Algorithms},
author = {N. Cornea and D. Silver and P. Min},
journal = {IEEE Transactions on Visualization and Computer Graphics},
volume = 13,
number = 3,
year = 2007,
pages = {597-615}
}

@inproceedings{hinckley97,
author = {K. Hinckley and J. Tullio and R. Pausch and D. Proffitt and N. Kassell},
title = {Usability analysis of {3D} rotation techniques},
booktitle = {Proc. ACM Symposium on User Interface Software and Technology},
year = 1997,
pages = {1-10}
}

@inproceedings{hultquist90,
author = {J. Hultquist},
title = {A virtual trackball},
booktitle = {Graphics Gems},
volume = 1,
chapter = 9,
pages = {462-463},
year = 1990
}

% -- Volume 1: GRAPP
@inproceedings{zhai20,
author = {X. Zhai and X. Chen and L. Yu and A. Telea},
title = {Interactive Axis-Based {3D} Rotation Specification Using Image Skeletons},
booktitle = {Proc. International Joint Conference on Computer Vision, Imaging and Computer Graphics Theory and Applications}, 
location = {Valletta, Malta},
pages = {169-178},
publisher = {SciTePress},
year = 2020
}

@misc{cudaskel,
author = {{A. Telea}},
title = {Real-time {2D} skeletonization using {CUDA}},
note = {\url{http://www.staff.science.uu.nl/$\sim$telea001/Shapes/CUDASkel}},
year = 2019
}

@misc{salience_code,
author = {A. Telea},
title = {Source code for salience skeleton computation},
note = {\url{https://webspace.science.uu.nl/$\sim$telea001/Shapes/Salience}},
year = 2014
}

@inproceedings{meijster02,
author = {A. Meijster and J. Roerdink and W. Hesselink},
title = {A General Algorithm for Computing Distance Transforms in Linear Time},
booktitle = {Mathematical Morphology and its Applications to Image and Signal Processing}, 
pages = {331-340},
publisher = {Springer},
year = 2002
}

@book{costa_cesar,
Author = "L. Costa and R. Cesar",
Publisher = "CRC Press",
Title = "Shape analysis and classification",
Year = "2000"
}

 
